% -*- LaTeX -*-
% -*- coding: utf-8 -*-
%
% michael a.g. aivazis <michael.aivazis at para-sim.com>
% copyright 1998-2024 all rights reserved

@Misc{pyre,
 title = {\pyre},
 howpublished = {\url{http://github.com/pyre/pyre}}
}

@Misc{ASF,
 title = {{A}laska {S}atellite {F}acility},
 howpublished = {\url{https://asf.alaska.edu}}
}

@Misc{ERS,
 title = {{E}uropean {S}pace {A}gency {ERS} {M}issions},
 howpublished = {\url{https://earth.esa.int/eogateway/instruments/sar-ers}}
}

% end of file